@misc{web20,
  author = {O'Reilly, Tim},
  title = {{Design Patterns and Business Models for the Next Generation of Software}},
  year = {2005}, 
  note = "\newline[online; stan na 18.01.2019]",
  howpublished = "\url{https://www.oreilly.com/pub/a/web2/archive/what-is-web-20.html}"
}

@article{techniques,
author = {Vohra, S.M. and Teraiya, J.B.},
year = {2013},
pages = {313-317},
title = {{A comparative Study of Sentiment Analysis Techniques}},
volume = {2},
journal = {Journal JIKRCE}
}

@article{survey,
author = {Zhang, Lei and Wang, Shuai and Liu, Bing},
year = {2018},
pages = {},
title = {Deep Learning for Sentiment Analysis : A Survey},
journal = {Wiley Interdisciplinary Reviews: Data Mining and Knowledge Discovery}
}

@misc{poleval,
  title = {{PolEval 2017}},
  year = {2017}, 
  note = "\newline[online; stan na 18.01.2019]",
  howpublished = "\url{http://2017.poleval.pl}"
}

@article{opta,
  title={Towards Domain-Independent Opinion Target Extraction},
  author={Aleksander Wawer},
  journal={2015 IEEE International Conference on Data Mining Workshop (ICDMW)},
  year={2015},
  pages={1326-1331}
}

@misc{treebank,
  title = {{Treebank Wydźwięku}},
  year = {2018}, 
  note = "\newline[online; stan na 18.01.2019]",
  howpublished = "\url{http://zil.ipipan.waw.pl/TreebankWydzwieku}"
}

@article{treelstm,
  title={A Sequential Child-Combination Tree-LSTM Network for Sentiment Analysis},
  journal={LTC 2017},
  author={Lew, Michał and Pęzik, Piotr},
  year={2017},
  pages={397-401}
}

@article{gradient,
  title={Conquering vanishing gradient: Tensor Tree LSTM on aspect-sentiment classification},
  author={Shenxiu Liu and Qingyun Sun},
  year={2015}
}

@article{tai,
  author    = {Kai Sheng Tai and
               Richard Socher and
               Christopher D. Manning},
  title     = {Improved Semantic Representations From Tree-Structured Long Short-Term
               Memory Networks},
  journal   = {CoRR},
  volume    = {abs/1503.00075},
  year      = {2015}
}

@misc{word2vec,
  title = {{Vector Representations of Words}},
  note = "\newline[online; stan na 21.01.2019]",
  howpublished = "\url{https://www.tensorflow.org/tutorials/representation/word2vec}"
}

@misc{visionmobile,
  title = {{Developer Economics: State of the Developer Nation Q1 2017}},
  year = {2017}, 
  note = "\newline[online; stan na 18.01.2019]",
  howpublished = "\url{https://www.visionmobile.com/free-resources/}"
}

@misc{python,
author = {Peters, Tim},
  title = {{The Zen of Python}},
  year = {2004}, 
  note = "\newline[online; stan na 18.01.2019]",
  howpublished = "\url{https://www.python.org/dev/peps/pep-0020/}"
}

@misc{tensorflow,
  title = {{TensorFlow}},
  note = "\newline[online; stan na 18.01.2019]",
  howpublished = "\url{https://www.tensorflow.org/}"
}

@misc{scikit,
  title = {{Model evaluation: quantifying the quality of predictions}},
  note = "\newline[online; stan na 20.01.2019]",
  howpublished = "\url{https://scikit-learn.org/stable/modules/model_evaluation.html}"
}


